<record><leader>00000cas a22000007a 4500</leader><controlfield tag="001">19787125</controlfield><controlfield tag="008">890531d19071914gaudn ne      0    0eng d</controlfield><datafield ind1=" " ind2=" " tag="010"><subfield code="a">sn 89053272 </subfield></datafield><datafield ind1=" " ind2=" " tag="040"><subfield code="a">NLG</subfield><subfield code="b">eng</subfield><subfield code="c">NLG</subfield><subfield code="d">GUA</subfield><subfield code="d">OCLCQ</subfield><subfield code="d">OCLCF</subfield><subfield code="d">OCLCO</subfield></datafield><datafield ind1="1" ind2=" " tag="029"><subfield code="a">AU@</subfield><subfield code="b">000041189239</subfield></datafield><datafield ind1=" " ind2=" " tag="042"><subfield code="a">msc</subfield></datafield><datafield ind1=" " ind2=" " tag="043"><subfield code="a">n-us-ga</subfield></datafield><datafield ind1="0" ind2="0" tag="245"><subfield code="a">Waycross daily journal.</subfield></datafield><datafield ind1=" " ind2=" " tag="260"><subfield code="a">Waycross, Ga. :</subfield><subfield code="b">Waycross Journal Co.,</subfield><subfield code="c">[1907-1914]</subfield></datafield><datafield ind1=" " ind2=" " tag="300"><subfield code="a">v.</subfield></datafield><datafield ind1=" " ind2=" " tag="310"><subfield code="a">Daily (except Sunday)</subfield></datafield><datafield ind1="1" ind2=" " tag="362"><subfield code="a">Began with Mar. 11, 1907 issue; ceased with Sept. 20, 1914 issue.</subfield></datafield><datafield ind1=" " ind2=" " tag="530"><subfield code="a">Also on microfilm: Athens, Ga. : University of Georgia Libraries.</subfield></datafield><datafield ind1=" " ind2=" " tag="580"><subfield code="a">Weekly editions: Waycross journal, Mar. 1907-July 1914; Waycross weekly journal, July 1914-Sept. 1914.</subfield></datafield><datafield ind1=" " ind2=" " tag="580"><subfield code="a">Merged with: Waycross evening herald (Waycross, Ga. : Daily), to form: Waycross daily journal and evening herald.</subfield></datafield><datafield ind1=" " ind2=" " tag="588"><subfield code="a">Description based on: Vol. 1, no. 2 (Mar. 12, 1907).</subfield></datafield><datafield ind1=" " ind2="0" tag="651"><subfield code="a">Waycross (Ga.)</subfield><subfield code="v">Newspapers.</subfield></datafield><datafield ind1=" " ind2="0" tag="651"><subfield code="a">Ware County (Ga.)</subfield><subfield code="v">Newspapers.</subfield></datafield><datafield ind1=" " ind2="7" tag="655"><subfield code="a">Newspapers.</subfield><subfield code="2">fast</subfield><subfield code="0">(OCoLC)fst01423814</subfield></datafield><datafield ind1=" " ind2="7" tag="651"><subfield code="a">Georgia</subfield><subfield code="z">Ware County.</subfield><subfield code="2">fast</subfield><subfield code="0">(OCoLC)fst01217124</subfield></datafield><datafield ind1=" " ind2="7" tag="651"><subfield code="a">Georgia</subfield><subfield code="z">Waycross.</subfield><subfield code="2">fast</subfield><subfield code="0">(OCoLC)fst01217251</subfield></datafield><datafield ind1=" " ind2=" " tag="752"><subfield code="a">United States</subfield><subfield code="b">Georgia</subfield><subfield code="c">Ware</subfield><subfield code="d">Waycross.</subfield></datafield><datafield ind1="1" ind2=" " tag="775"><subfield code="t">Waycross journal</subfield><subfield code="w">(DLC)sn 89053271</subfield><subfield code="w">(OCoLC)19787017</subfield></datafield><datafield ind1="1" ind2=" " tag="775"><subfield code="t">Waycross weekly journal</subfield><subfield code="w">(DLC)sn 89053274</subfield><subfield code="w">(OCoLC)19787027</subfield></datafield><datafield ind1="1" ind2="7" tag="785"><subfield code="t">Waycross evening herald (Waycross, Ga. : Daily)</subfield><subfield code="w">(DLC)sn 89053270</subfield><subfield code="w">(OCoLC)19787004</subfield></datafield><datafield ind1="1" ind2="7" tag="785"><subfield code="t">Waycross daily journal and evening herald</subfield><subfield code="w">(DLC)sn 89053273</subfield><subfield code="w">(OCoLC)19787073</subfield></datafield></record>